@article{dudani1976distance,
  title={The distance-weighted k-nearest-neighbor rule},
  author={Dudani, Sahibsingh A},
  journal={IEEE Transactions on Systems, Man, and Cybernetics},
  number={4},
  pages={325--327},
  year={1976},
  publisher={IEEE}
}

@article{cole1988parallel,
  title={Parallel merge sort},
  author={Cole, Richard},
  journal={SIAM Journal on Computing},
  volume={17},
  number={4},
  pages={770--785},
  year={1988},
  publisher={SIAM}
}

@article{hoare1962quicksort,
  title={Quicksort},
  author={Hoare, Charles AR},
  journal={The Computer Journal},
  volume={5},
  number={1},
  pages={10--16},
  year={1962},
  publisher={Oxford University Press}
}

@book{chandra2001parallel,
  title={Parallel programming in OpenMP},
  author={Chandra, Rohit and Dagum, Leo and Kohr, David and Menon, Ramesh and Maydan, Dror and McDonald, Jeff},
  year={2001},
  publisher={Morgan kaufmann}
}
